@article{hinton2012deep,
  title={Deep neural networks for acoustic modeling in speech recognition: The shared views of four research groups},
  author={Hinton, Geoffrey and Deng, Li and Yu, Dong and Dahl, George E and Mohamed, Abdel-rahman and Jaitly, Navdeep and Senior, Andrew and Vanhoucke, Vincent and Nguyen, Patrick and Sainath, Tara N and others},
  journal={IEEE Signal processing magazine},
  volume={29},
  number={6},
  pages={82--97},
  year={2012},
  publisher={IEEE}
}

@inproceedings{DBLP:conf/cvpr/CiresanMS12,
  author    = {Dan C. Ciresan and
               Ueli Meier and
               J{\"{u}}rgen Schmidhuber},
  title     = {Multi-column deep neural networks for image classification},
  booktitle = {2012 {IEEE} Conference on Computer Vision and Pattern Recognition,
               Providence, RI, USA, June 16-21, 2012},
  pages     = {3642--3649},
  publisher = {{IEEE} Computer Society},
  year      = {2012},
  url       = {https://doi.org/10.1109/CVPR.2012.6248110},
  doi       = {10.1109/CVPR.2012.6248110},
  timestamp = {Wed, 16 Oct 2019 14:14:50 +0200},
  biburl    = {https://dblp.org/rec/conf/cvpr/CiresanMS12.bib},
  bibsource = {dblp computer science bibliography, https://dblp.org}
}

@article{DBLP:journals/taslp/DahlYDA12,
  author    = {George E. Dahl and
               Dong Yu and
               Li Deng and
               Alex Acero},
  title     = {Context-Dependent Pre-Trained Deep Neural Networks for Large-Vocabulary
               Speech Recognition},
  journal   = {{IEEE} Trans. Speech Audio Process.},
  volume    = {20},
  number    = {1},
  pages     = {30--42},
  year      = {2012},
  url       = {https://doi.org/10.1109/TASL.2011.2134090},
  doi       = {10.1109/TASL.2011.2134090},
  timestamp = {Sun, 17 May 2020 11:49:03 +0200},
  biburl    = {https://dblp.org/rec/journals/taslp/DahlYDA12.bib},
  bibsource = {dblp computer science bibliography, https://dblp.org}
}

@article{HochreiterandSchmidhuber1997,
  author    = {Sepp Hochreiter and
               J{\"{u}}rgen Schmidhuber},
  title     = {Long Short-Term Memory},
  journal   = {Neural Comput.},
  volume    = {9},
  number    = {8},
  pages     = {1735--1780},
  year      = {1997},
  url       = {https://doi.org/10.1162/neco.1997.9.8.1735},
  doi       = {10.1162/neco.1997.9.8.1735},
  timestamp = {Tue, 01 Sep 2020 13:12:40 +0200},
  biburl    = {https://dblp.org/rec/journals/neco/HochreiterS97.bib},
  bibsource = {dblp computer science bibliography, https://dblp.org}
}

@article{DBLP:journals/cacm/KrizhevskySH17,
  author    = {Alex Krizhevsky and
               Ilya Sutskever and
               Geoffrey E. Hinton},
  title     = {ImageNet classification with deep convolutional neural networks},
  journal   = {Commun. {ACM}},
  volume    = {60},
  number    = {6},
  pages     = {84--90},
  year      = {2017},
  url       = {http://doi.acm.org/10.1145/3065386},
  doi       = {10.1145/3065386},
  timestamp = {Sun, 02 Jun 2019 20:48:58 +0200},
  biburl    = {https://dblp.org/rec/journals/cacm/KrizhevskySH17.bib},
  bibsource = {dblp computer science bibliography, https://dblp.org}
}

@inproceedings{DBLP:conf/icassp/Le13,
  author    = {Quoc V. Le},
  title     = {Building high-level features using large scale unsupervised learning},
  booktitle = {{IEEE} International Conference on Acoustics, Speech and Signal Processing,
               {ICASSP} 2013, Vancouver, BC, Canada, May 26-31, 2013},
  pages     = {8595--8598},
  publisher = {{IEEE}},
  year      = {2013},
  url       = {https://doi.org/10.1109/ICASSP.2013.6639343},
  doi       = {10.1109/ICASSP.2013.6639343},
  timestamp = {Wed, 16 Oct 2019 14:14:52 +0200},
  biburl    = {https://dblp.org/rec/conf/icassp/Le13.bib},
  bibsource = {dblp computer science bibliography, https://dblp.org}
}

@article{lecun1998gradient,
  title={Gradient-based learning applied to document recognition},
  author={LeCun, Yann and Bottou, L{\'e}on and Bengio, Yoshua and Haffner, Patrick},
  journal={Proceedings of the IEEE},
  volume={86},
  number={11},
  pages={2278--2324},
  year={1998},
  publisher={Ieee}
}
@article{mikolov2012statistical,
  title={Statistical language models based on neural networks},
  author={Mikolov, Tom{\'a}{\v{s}} and others}
}

@inproceedings{Mikolov2010,
  author    = {Tom{\'{a}}s Mikolov and
               Martin Karafi{\'{a}}t and
               Luk{\'{a}}s Burget and
               Jan Cernock{\'{y}} and
               Sanjeev Khudanpur},
  editor    = {Takao Kobayashi and
               Keikichi Hirose and
               Satoshi Nakamura},
  title     = {Recurrent neural network based language model},
  booktitle = {{INTERSPEECH} 2010, 11th Annual Conference of the International Speech
               Communication Association, Makuhari, Chiba, Japan, September 26-30,
               2010},
  pages     = {1045--1048},
  publisher = {{ISCA}},
  year      = {2010},
  url       = {http://www.isca-speech.org/archive/interspeech\_2010/i10\_1045.html},
  timestamp = {Mon, 28 Dec 2020 11:31:04 +0100},
  biburl    = {https://dblp.org/rec/conf/interspeech/MikolovKBCK10.bib},
  bibsource = {dblp computer science bibliography, https://dblp.org}
}

@inproceedings{DBLP:conf/swat/Razborov92,
  author    = {Alexander A. Razborov},
  editor    = {Otto Nurmi and
               Esko Ukkonen},
  title     = {On Small Depth Threshold Circuits},
  booktitle = {Algorithm Theory - {SWAT} '92, Third Scandinavian Workshop on Algorithm
               Theory, Helsinki, Finland, July 8-10, 1992, Proceedings},
  series    = {Lecture Notes in Computer Science},
  volume    = {621},
  pages     = {42--52},
  publisher = {Springer},
  year      = {1992},
  url       = {https://doi.org/10.1007/3-540-55706-7\_4},
  doi       = {10.1007/3-540-55706-7\_4},
  timestamp = {Tue, 14 May 2019 10:00:39 +0200},
  biburl    = {https://dblp.org/rec/conf/swat/Razborov92.bib},
  bibsource = {dblp computer science bibliography, https://dblp.org}
}

@article{rumelhart1986learning,
  title={Learning representations by back-propagating errors},
  author={Rumelhart, David E and Hinton, Geoffrey E and Williams, Ronald J},
  journal={nature},
  volume={323},
  number={6088},
  pages={533--536},
  year={1986},
  publisher={Nature Publishing Group}
}
@article{DBLP:journals/taslp/SundermeyerNS15,
  author    = {Martin Sundermeyer and
               Hermann Ney and
               Ralf Schl{\"{u}}ter},
  title     = {From Feedforward to Recurrent {LSTM} Neural Networks for Language
               Modeling},
  journal   = {{IEEE} {ACM} Trans. Audio Speech Lang. Process.},
  volume    = {23},
  number    = {3},
  pages     = {517--529},
  year      = {2015},
  url       = {https://doi.org/10.1109/TASLP.2015.2400218},
  doi       = {10.1109/TASLP.2015.2400218},
  timestamp = {Fri, 13 Mar 2020 14:41:07 +0100},
  biburl    = {https://dblp.org/rec/journals/taslp/SundermeyerNS15.bib},
  bibsource = {dblp computer science bibliography, https://dblp.org}
}

@inproceedings{LeRMDCCDN12,
  author    = {Quoc V. Le and
               Marc'Aurelio Ranzato and
               Rajat Monga and
               Matthieu Devin and
               Greg Corrado and
               Kai Chen and
               Jeffrey Dean and
               Andrew Y. Ng},
  title     = {Building high-level features using large scale unsupervised learning},
  booktitle = {Proceedings of the 29th International Conference on Machine Learning,
               {ICML} 2012, Edinburgh, Scotland, UK, June 26 - July 1, 2012},
  publisher = {icml.cc / Omnipress},
  year      = {2012},
  url       = {http://icml.cc/2012/papers/73.pdf},
  timestamp = {Wed, 03 Apr 2019 17:43:35 +0200},
  biburl    = {https://dblp.org/rec/conf/icml/LeRMDCCDN12.bib},
  bibsource = {dblp computer science bibliography, https://dblp.org}
}

@inproceedings{kalchbrenner2013recurrent,
  title={Recurrent continuous translation models},
  author={Kalchbrenner, Nal and Blunsom, Phil},
  booktitle={Proceedings of the 2013 conference on empirical methods in natural language processing},
  pages={1700--1709},
  year={2013}
}

@inproceedings{cho2014learning,
  title={Learning Phrase Representations using RNN Encoder-Decoder for Statistical Machine Translation},
  author={Cho, Kyunghyun and van Merrienboer, Bart and G{\"u}l{\c{c}}ehre, {\c{C}}aglar and Bahdanau, Dzmitry and Bougares, Fethi and Schwenk, Holger and Bengio, Yoshua},
  booktitle={EMNLP},
  year={2014}
}

@article{werbos1990backpropagation,
  title={Backpropagation through time: what it does and how to do it},
  author={Werbos, Paul J},
  journal={Proceedings of the IEEE},
  volume={78},
  number={10},
  pages={1550--1560},
  year={1990},
  publisher={IEEE}
}

@article{rumelhart1986learning,
  title={Learning representations by back-propagating errors},
  author={Rumelhart, David E and Hinton, Geoffrey E and Williams, Ronald J},
  journal={nature},
  volume={323},
  number={6088},
  pages={533--536},
  year={1986},
  publisher={Nature Publishing Group}
}

@article{graves2015generating,
  title={Generating Sequences with Recurrent Neural Networks},
  author={Graves, Alex},
  year={2015}
}

@article{bahdanau2019neural,
  title={Neural Machine Translation by Jointly Learning to Align and Translate},
  author={Bahdanau, Dzmitry and Cho, Kyunghyun and Bengio, Yoshua},
  year={2019}
}

@inproceedings{graves2006connectionist,
  title={Connectionist temporal classification: labelling unsegmented sequence data with recurrent neural networks},
  author={Graves, Alex and Fern{\'a}ndez, Santiago and Gomez, Faustino and Schmidhuber, J{\"u}rgen},
  booktitle={Proceedings of the 23rd international conference on Machine learning},
  pages={369--376},
  year={2006}
}
